<?xml version="1.0" encoding="UTF-8"?><collection xmlns="http://www.loc.gov/MARC21/slim"><record><leader>00448nam--2200133-i-4500</leader><controlfield tag="001">000011769</controlfield><controlfield tag="002">20161230</controlfield><controlfield tag="005">20161230201029</controlfield><controlfield tag="008">060222s1000------------r-----000-0-eng-d</controlfield><datafield ind1=" " ind2=" " tag="080"><subfield code="a">621.039.548.5(O43)</subfield></datafield><datafield ind1=" " ind2=" " tag="100"><subfield code="a">Chauvin,Alain</subfield></datafield><datafield ind1=" " ind2=" " tag="245"><subfield code="a">Optimisation du processus de localisation des ruptures de gaine et du dechargement correspon sant dans les reacteurs nucleaires.these</subfield></datafield><datafield ind1=" " ind2=" " tag="260"><subfield code="a">Marseille,L Universite De Provence,1973. 168p</subfield></datafield><datafield ind1=" " ind2=" " tag="852"><subfield code="a">43401</subfield></datafield></record></collection>